2242 3027
1103 114 1152 152 69

441 239 941 296 college-dictaatz--van
974 251 1055 282 een
1089 239 1168 282 der
1199 239 1446 282 studentem
1478 237 1808 295 (Dogmatiek).

256 409 260 413 .
324 372 516 411 bewuste
560 372 680 420 wijze
722 371 784 409 tot
827 369 970 417 innige
1009 369 1322 416 gemeenschap
1362 369 1603 408 verbinden.
1636 368 1785 407 Alleen
1815 369 1890 407 zos')
1920 369 2003 407 kun
2034 369 2084 408 de

323 437 481 485 religie,
522 437 587 475 die
626 436 781 477 auders
810 436 882 474 het
911 434 1090 484 zedelijk
1121 434 1242 473 beses
1258 445 1351 473 van
1384 435 1559 483 vrijheid
1589 445 1641 473 en
1673 435 2086 484 verantwoordeIUk-

314 503 420 543 2heid
449 501 720 549 onderdrukt,
753 501 803 539 de
833 500 1110 549 zedelijkheid
1139 511 1190 547 op
1220 500 1323 539 haar
1353 500 1475 547 eigen
1506 500 1655 538 wortel
1686 500 1793 539 doen
1822 500 1997 539 bloeien.
2028 501 2087 539 De

324 568 434 606 band
471 568 679 607 tusschen
717 577 897 615 persoon
927 577 979 606 en
1008 576 1188 614 persoon
1218 566 1312 604 rust
1340 566 1383 604 in
1413 565 1539 604 liefde
1569 577 1620 604 en
1651 567 1802 612 trouw,
1834 576 1886 604 en
1917 566 2004 604 niet
2035 576 2115 613 op.

323 633 505 673 zichzelf
543 633 583 671 in
628 632 1004 682 afhankelijkheid.
1044 633 1242 678 Immers‚
1281 631 1330 669 de
1373 631 1596 679 oneindige
1628 631 1940 670 verhevenheid
1971 631 2086 670 Gods

322 698 488 747 gesteld
531 699 761 746 tegeno-wer
805 698 855 736 de
899 697 1133 736 volstrekte
1164 696 1530 745 afhankelijkheid
1562 707 1644 735 van
1674 697 1753 735 den
1785 698 1975 744 mensch,
2007 707 2086 735 zou

321 764 404 804 alle
435 765 536 813 vrije
565 764 879 812 gemeenschap
907 773 990 803 van
1009 772 1190 811 persoon
1211 764 1274 801 tot
1294 772 1474 810 persoon
1496 762 1715 811 assniJ'den.
1747 763 1932 801 Daarom
1954 763 2084 801 sticht

322 830 412 869 God
456 829 521 868 die
567 830 668 878 vrije
711 829 1024 876 gemeenschap
1064 828 1163 867 door
1202 828 1283 867 den
1321 829 1499 867 mensch
1529 829 1573 866 in
1605 828 2082 876 verbondsverhouding

321 897 383 934 tot
413 895 513 933 Zioh
542 897 584 934 te
614 895 822 943 piaatsen,
854 905 905 932 en
937 894 1056 933 aizoo
1078 894 1174 932 dien
1194 894 1382 942 nietigen
1403 895 1581 933 mensch
1602 895 1666 933 als
1687 905 1765 933 een
1787 894 1829 933 ik
1850 897 2081 942 tegenover

320 961 420 1000 Zich
451 963 491 999 te
522 960 750 1008 erkennen,
781 960 825 998 in
855 959 991 998 welks
1021 959 1147 998 liefde
1178 970 1230 997 en
1259 962 1398 998 trouw
1429 961 1496 1008 Hi]
1528 961 1627 998 Zich
1651 960 1890 1008 vei-lustigb.
1915 961 1980 998 En
2002 961 2084 998 ein-

319 1026 456 1076 delijk‚
488 1036 606 1064 Waar
637 1036 720 1064 van
751 1025 783 1063 's
800 1026 1034 1064 menschen
1065 1025 1170 1074 zijde
1201 1025 1250 1063 de
1281 1025 1507 1073 religieuze
1530 1026 1780 1074 verbinding
1801 1026 1962 1064 slechts
1983 1027 2082 1064 inci-

322 1091 490 1131 denteel
530 1102 581 1130 en
622 1091 894 1130 abomistisch
934 1102 1012 1130 zou
1048 1092 1142 1140 zijn‚
1173 1101 1226 1129 en
1256 1091 1374 1130 alzoo
1403 1092 1600 1139 gestadig
1630 1094 1720 1130 met
1749 1091 1978 1139 asbreking
2007 1101 2085 1129 zou

327 1157 526 1205 bedreigd
557 1157 740 1203 worden,
771 1157 808 1194 is
838 1157 911 1195 het
941 1156 1042 1204 God⁷
1074 1157 1148 1194 Die
1179 1156 1279 1195 door
1310 1156 1359 1195 de
1382 1157 1746 1196 verbondsrelatie
1769 1168 1849 1196 aan
1871 1158 1920 1195 de
1942 1157 2089 1204 religie

320 1224 395 1262 des
424 1223 658 1261 menschen
688 1233 766 1261 een
788 1222 1022 1261 duurzaam
1043 1222 1201 1261 sociaal
1223 1233 1276 1261 en
1297 1222 1634 1271 onverbrekelijk
1655 1223 1856 1262 karakter
1878 1223 2081 1261 verleent.

318 1290 404 1328 Het
446 1288 633 1327 verbond
677 1288 774 1327 toch
806 1289 910 1326 rust
947 1288 1036 1326 niet
1074 1288 1116 1325 in
1151 1290 1239 1326 wat
1268 1288 1318 1326 de
1349 1289 1526 1327 mensch
1556 1289 1641 1335 wil,
1671 1299 1793 1327 maar
1823 1289 1864 1326 in
1894 1289 2076 1336 hetgeen

320 1355 409 1394 God
438 1355 482 1393 in
510 1355 585 1393 het
615 1353 800 1393 verbond
830 1364 911 1392 aan
941 1353 1021 1392 den
1051 1353 1229 1392 mensch
1258 1355 1425 1402 toezegt
1447 1365 1499 1393 en
1519 1354 1583 1393 als
1604 1355 1855 1402 toezegging
1876 1353 2075 1402 vastlegt,

325 1420 476 1469 tervvij1
506 1419 706 1458 dibzelfde
738 1419 925 1457 verbond
956 1420 1119 1467 tevens,
1138 1419 1238 1457 door
1254 1419 1343 1458 niet
1359 1420 1652 1468 hetindividu,
1672 1421 1882 1458 maarhet
1897 1419 2068 1467 gesiaci]

324 1488 366 1524 te
397 1485 642 1532 verbinden,
674 1487 751 1524 een
781 1485 892 1524 band
922 1496 992 1524 om
1023 1485 1136 1524 allen
1166 1485 1290 1534 slaat,
1322 1486 1446 1535 hetzij
1479 1497 1549 1524 om
1580 1487 1652 1525 het
1677 1486 1851 1534 geheele
1874 1485 2091 1524 mensche-

320 1551 419 1601 lijke
462 1551 668 1599 gesiacht,
713 1551 838 1600 hetzij
883 1562 953 1590 om
984 1551 1066 1589 alle
1095 1550 1219 1589 leden
1250 1562 1334 1590 van
1363 1552 1437 1590 het
1465 1552 1651 1591 lichaam
1682 1563 1765 1591 van
1795 1552 2001 1594 Christus,
2034 1562 2086 1590 en

318 1617 436 1655 aizoo
472 1616 522 1655 de
552 1616 678 1655 liefde
709 1617 942 1665 eenerzijds
975 1627 1074 1655 voor
1104 1617 1184 1654 den
1214 1618 1378 1665 naaste,
1410 1628 1462 1656 en
1492 1618 1730 1667 andei-zijds
1763 1628 1862 1656 voor
1893 1618 1943 1656 de
1974 1617 2087 1656 broe-

319 1682 459 1729 deren‚
490 1682 578 1720 niet
608 1683 735 1729 hegen
765 1682 814 1720 de
845 1681 971 1720 liesde
1003 1692 1103 1720 voor
1134 1681 1224 1720 God
1254 1693 1354 1720 over
1385 1683 1499 1731 stelt,
1530 1693 1652 1721 maai·
1682 1684 1745 1722 uit
1767 1684 1816 1722 de
1838 1683 1964 1721 liefde
1990 1693 2089 1721 voor

327 1748 416 1786 God
458 1747 545 1786 zelf
584 1747 680 1785 doet
720 1747 1010 1786 voortkomen.
1049 1748 1108 1786 De
1137 1749 1491 1796 persoonsreligie
1521 1750 1557 1787 is
1586 1752 1739 1788 tevens
1769 1749 2088 1788 menschheids-

326 1812 482 1860 religie.
512 1813 599 1851 Het
628 1813 665 1850 is
696 1812 746 1851 de
777 1813 954 1851 mensch
986 1814 1028 1851 in
1059 1814 1108 1852 de
1139 1814 1430 1863 menschheid,
1462 1815 1527 1853 die
1558 1815 1658 1853 door
1687 1816 1759 1853 het
1791 1815 1978 1854 verbond
1999 1816 2090 1853 met

327 1878 416 1917 God
446 1888 498 1916 en
527 1879 762 1917 menschen
792 1879 835 1917 in
864 1879 1093 1927 religieuze
1124 1879 1376 1928 verbinding
1405 1881 1555 1919 treedt.

221 2075 251 2113 Ι.
294 2075 343 2112 In
382 2073 482 2115 deze
517 2075 539 2119 ξ
569 2072 706 2110 wordt
735 2072 866 2111 nader
896 2072 1158 2111 ontwikkeld
1188 2072 1237 2111 de
1268 2072 1602 2120 hoosdgedachte
1633 2073 1674 2111 in
1705 2072 1755 2111 de
1785 2073 1929 2120 vorige
1960 2074 1979 2119 g
2011 2073 2090 2110 uit-

167 2138 416 2188 gesproken.
459 2139 518 2176 De
553 2137 859 2176 verbondsidee
890 2138 927 2176 is
957 2139 1046 2177 niet
1074 2139 1167 2187 ἰθὺς,
1200 2139 1272 2177 dat
1302 2138 1354 2187 bij
1387 2139 1437 2177 de
1467 2139 1612 2186 religie
1643 2139 1694 2187 bij
1726 2138 1859 2187 komt,
1891 2148 2012 2176 maar
2041 2148 2088 2176 ze

168 2205 204 2243 is
233 2205 433 2243 daarmee
462 2203 685 2241 identisch.
729 2203 814 2241 Het
844 2204 879 2241 is
909 2203 956 2241 de
985 2203 1212 2251 religieuze
1242 2204 1346 2242 idee.
1391 2204 1479 2243 Ook
1510 2204 1625 2242 werd
1656 2204 1778 2242 reeds
1809 2204 2087 2252 aangetoond‚

168 2270 241 2308 dat
268 2271 312 2308 in
341 2270 391 2307 de
422 2268 587 2316 Heilige
617 2268 772 2306 Schrift
803 2279 904 2308 voor
936 2269 1127 2317 „religie”
1161 2279 1267 2317 geen
1298 2280 1424 2307 naam
1456 2270 1504 2308 is.
1536 2270 1616 2308 Dat
1638 2280 1692 2307 nu
1712 2270 1761 2308 de
1782 2269 2083 2308 verbondsidee

169 2335 219 2374 de
261 2335 488 2382 religieuze
531 2334 622 2372 idee
663 2334 712 2382 is,
757 2334 872 2372 werd
916 2334 1015 2372 door
1059 2335 1109 2372 de
1140 2334 1463 2373 Reformatorem
1493 2335 1615 2373 reeds
1646 2346 1728 2372 van
1758 2335 1831 2372 het
1861 2334 1985 2381 begin
2015 2335 2088 2372 dei·

167 2400 429 2439 Reformatie
472 2399 518 2437 af
556 2399 870 2447 uitgesproken.
915 2399 1133 2447 Bullinger
1171 2399 1334 2448 senrijft
1364 2400 1406 2438 in
1437 2402 1518 2448 ziJ'n
1553 2400 1848 2448 Compendimn
1879 2399 2083 2448 reliyiom's

174 2465 429 2504 Christianae
457 2464 636 2514 (Ziirich‚
670 2465 785 2515 1569)
814 2475 906 2513 pag.
937 2466 987 2503 26
1018 2476 1165 2504 verso:

226 2531 495 2580 „Quicunque
537 2540 635 2577 ergo
679 2530 782 2569 haec
819 2530 1050 2569 observant
1085 2531 1188 2569 (scil.
1227 2531 1408 2569 foederis
1438 2531 1729 2573 conditionesi,
1762 2532 1803 2569 hi
1833 2530 1979 2568 fideles
2009 2530 2082 2568 Dei

174 2597 310 2645 „servi
353 2598 395 2634 et
438 2595 642 2634 foederati
684 2597 785 2634 sunt
815 2606 862 2634 ac
893 2607 994 2634 vera
1023 2597 1225 2644 religione
1254 2598 1444 2634 utuntur.
1490 2596 1652 2643 Religio
1683 2597 1796 2634 enim
1828 2606 1909 2634 non
1942 2599 2030 2633 tam
2063 2605 2087 2632 a

173 2661 420 2711 „relegendo
463 2671 591 2708 quam
637 2671 661 2699 a
702 2660 871 2709 ligando
914 2662 1026 2700 dicta
1069 2662 1247 2700 videtur.
1293 2662 1377 2700 Deo
1422 2672 1520 2700 vero
1564 2662 1803 2709 obligamur
1847 2663 1888 2699 et
1918 2661 2085 2699 foedere

164 2727 414 2775 „iungimur
442 2726 630 2774 gratuita
659 2726 750 2764 eius
780 2726 1042 2774 benignitate
1072 2738 1144 2775 per
1164 2726 1313 2774 fidem;
1344 2738 1471 2774 quam
1495 2727 1545 2765 ob
1569 2738 1658 2765 rem
1680 2727 1792 2765 idem
1815 2728 1917 2764 sunt
1937 2726 2086 2764 foedus

175 2792 273 2841 „Dei
302 2793 345 2830 et
373 2791 519 2838 religio
549 2802 660 2830 vera.
697 2792 896 2840 Religiosi
927 2794 1072 2831 autem
1104 2795 1204 2831 sunt
1233 2804 1383 2831 omnes
1412 2793 1466 2840 hi,
1498 2794 1567 2840 qui
1600 2793 1683 2831 Deo
1712 2792 1916 2830 foederati
1947 2791 2084 2829 Huius

176 2857 329 2905 „verbo
358 2857 592 2895 nituntur'⁷.
